@preamble{"\def\EWRL{European Workshop on Reinforcement Learning}"}
@preamble{"\def\SLSP{International Conference on Statistical Language and Speech Processing}"}
@preamble{"\def\UAI{Conference on Uncertainty in Artificial Intelligence}"}
@preamble{"\def\SEMDIAL{Workshop on the Semantics and Pragmatics of Dialogue}"}
@preamble{"\def\NEURIPS{Conference on Neural Information Processing Systems}"}
@preamble{"\def\NIPS{Conference on Neural Information Processing Systems}"}
@preamble{"\def\CVPR{IEEE Conference on Computer Vision and Pattern Recognition}"}
@preamble{"\def\ACM{Association for Computing Machinery}"}
@preamble{"\def\ANLP{Conference on Applied Natural Language Processing}"}
@preamble{"\def\SSW{Speech Synthesis Workshop}"}
@preamble{"\def\SIGDIAL{Conference of the Special Interest Group on Discourse and Dialogue}"}
@preamble{"\def\SLT{IEEE Spoken Language Technology Workshop}"}
@preamble{"\def\ICASSP{IEEE International Conference on Acoustics, Speech and Signal Processing}"}
@preamble{"\def\JAIR{Journal of Artificial Intelligence Research}"}
@preamble{"\def\MOR{Mathematics of Operations Research}"}
@preamble{"\def\STAIRS{Frontiers in Artificial Intelligence and Applications}"}
@preamble{"\def\ATAL{International Workshop on Agent Theories, Architectures, and Languages}"}
@preamble{"\def\COLING{Conference on Computational Linguistics}"}

@preamble{"\def\AAMAS{International Conference on Autonomous Agents and Multiagent Systems}"}
@preamble{"\def\IFAAMAS{International Foundation for Autonomous Agents and Multiagent Systems}"}
@preamble{"\def\JMLR{Journal of Machine Learning Research}"}
@preamble{"\def\SIGKDD{Conference of the  Special Interest Group on Knowledge Discovery and Data Mining}"}
@preamble{"\def\ANLP-NAACL{Advances in Natural Language Processing - North American Chapter of the Association for Computational Linguistics}"}
@preamble{"\def\ANLP{Advances in Natural Language Processing }"}
@preamble{"\def\ICML{International Conference on Machine Learning}"}
@preamble{"\def\AAAI{Conference on Artificial Intelligence of the Association for the Advancement of Artificial Intelligence}"}
@preamble{"\def\ECML{European Conference on Machine Learning}"}
@preamble{"\def\SSW{Speech Synthesis Workshop}"}
@preamble{"\def\ICSLP{International Conference on Spoken Language Processing}"}
@preamble{"\def\ICLR{International Conference on Learning Representations}"}
@preamble{"\def\IJCAI{International Joint Conference on Artificial Intelligence}"}
@preamble{"\def\INTERSPEECH{Conference of the International Speech Communication Association}"}
@preamble{"\def\EUROSPEECH{European Conference on Speech Communication and Technology }"}
@preamble{"\def\ACL{Annual Meeting of the Association for Computational Linguistics}"}
@preamble{"\def\IEEE{Institute of Electrical and Electronics Engineers}"}


@inproceedings{ncarrara-brl,
    title = {Budgeted Reinforcement Learning in Continuous State Space},
    author = {Carrara, Nicolas and Leurent, Edouard and Laroche, Romain and Urvoy, Tanguy and Maillard, Odalric and Pietquin, Olivier},
    booktitle = {\textbf{NeurIPS}. Also published at two workshops: \textbf{EWRL} (2018) and \textbf{UAI} (2018)},
    year = {2019},
}

@inproceedings{ncarrara-safe,
    title = {Safe transfer learning for dialogue applications},
    author = {Carrara, Nicolas and Laroche, Romain and Bouraoui, Jean-Léon and Urvoy, Tanguy and Pietquin, Olivier},
    booktitle = {\textbf{SLSP}},
    year = {2018}
}

@inproceedings{ncarrara-online,
    title = {Online learning and transfer for user adaptation in dialogue systems},
    author = {Carrara, Nicolas and Laroche, Romain and Pietquin, Olivier},
    booktitle = {\textbf{SIGDIAL/SemDial}},
    year = {2017}
}

@inproceedings{li2009reinforcement,
    title = {Reinforcement learning for dialog management using least-squares policy iteration and fast feature selection},
    author = {Li, Lihong and Williams, Jason D and Balakrishnan, Suhrid},
    booktitle = {International Speech Communication Association},
    year = {2009}
}

@inproceedings{barlier2018training,
    title = {Training Dialogue Systems With Human Advice},
    author = {Barlier, Merwan and Laroche, Romain and Pietquin, Olivier},
    booktitle = {\AAMAS},
    %pages={999--1007},
    year = {2018},
}

@inproceedings{roy2000spoken,
    title = {Spoken dialogue management using probabilistic reasoning},
    author = {Roy, Nicholas and Pineau, Joelle and Thrun, Sebastian},
    booktitle = {\ACL},
    %pages={93--100},
    year = {2000},
    organization = {Association for Computational Linguistics}
}

@inproceedings{biermann1996composition,
    title = {The composition of messages in speech-graphics interactive systems},
    author = {Biermann, Alan W and Long, Philip M},
    booktitle = {International Symposium on Spoken Dialogue},
    %pages={97--100},
    year = {1996}
}

@phdthesis{walker1993informational,
    title = {Informational redundancy and resource bounds in dialogue},
    author = {Walker, Marilyn A},
    year = {1993},
    school = {University of Pennsylvania, The Institute for Research in Cognitive Science}
}

@inproceedings{walker1998learning,
    title = {Learning optimal dialogue strategies: A case study of a spoken dialogue agent for email},
    author = {Walker, Marilyn A and Fromer, Jeanne C and Narayanan, Shrikanth},
    booktitle = {\ACL},
    %pages={1345--1351},
    year = {1998},
}

@article{Bellman,
    title = {Dynamic programming and Lagrange multipliers},
    author = {Bellman, Richard},
    journal = {National Academy of Sciences of the USA},
    year = {1956}
}

@inproceedings{carrara2017online,
    title = {Online learning and transfer for user adaptation in dialogue systems},
    author = {Carrara, Nicolas and Laroche, Romain and Pietquin, Olivier},
    booktitle = {Joint special session on negotiation dialog, \SEMDIAL - \SIGDIAL},
    year = {2017},
    keywords = {me}
}

@inproceedings{carrara2018fitted,
    title = {A Fitted-Q Algorithm for Budgeted MDPs},
    author = {Carrara, Nicolas and Laroche, Romain and Bouraoui, Jean-Léon and Urvoy, Tanguy and Pietquin, Olivier},
    booktitle = {Workshop on Safety, Risk and Uncertainty in Reinforcement Learning, \UAI},
    year = {2018},
%keywords = {me}
}
@inproceedings{carrara2018safe,
    title = {Safe transfer learning for dialogue applications},
    author = {Carrara, Nicolas and Laroche, Romain and Bouraoui, Jean-Léon and Urvoy, Tanguy and Pietquin, Olivier},
    booktitle = {\SLSP},
    year = {2018},
    keywords = {me}
}

@inproceedings{carrara2018fitted2,
    title = {A Fitted-Q Algorithm for Budgeted MDPs},
    author = {Carrara, Nicolas and Laroche, Romain and Bouraoui, Jean-Léon and Urvoy, Tanguy and Pietquin, Olivier},
    booktitle = {\EWRL},
    year = {2018},
%keywords = {me}
}
@inproceedings{carraraall,
    title = {Budgeted Reinforcement Learning in Continuous State Space},
    author = {Carrara, Nicolas and Leurent, Edouard and Laroche, Romain and Urvoy, Tanguy and Bouraoui, Jean-Léon and Maillard, Odalric and Pietquin, Olivier},
    booktitle = {Workshop on Safety Risk and Uncertainty in Reinforcement Learning at \UAI~(2018), \EWRL~(2018), and \NEURIPS~(2019)},
    year = {2019},
    keywords = {me}
}


@inproceedings{carrara2019scaling,
    title = {Budgeted Reinforcement Learning in Continuous State Space},
    author = {Carrara, Nicolas and Leurent, Edouard and Laroche, Romain and Urvoy, Tanguy and Maillard, Odalric and Pietquin, Olivier},
    journal = {\NEURIPS},
    year = {2019},
%keywords = {me}
}

@inproceedings{Vries2017-GuessWhat,
    title = {GuessWhat?! Visual Object Discovery through Multi-modal Dialogue},
    author = {Harm de Vries and Florian Strub and A. P. Sarath Chandar and Olivier Pietquin and Hugo Larochelle and Aaron C. Courville},
    booktitle = {\CVPR},
    year = {2017},
%pages = {4466-4475}
}


@book{mobile-speech-solution,
    title = {Mobile speech and advanced natural language solutions},
    author = {Neustein, Amy and Markowitz, Judith A},
    year = {2013},
    publisher = {Springer Science \& Business Media}
}

@book{Allen:1995:NLU:199291,
    author = {Allen, James},
    title = {Natural Language Understanding (2Nd Ed.)},
    year = {1995},
    %    isbn = {0-8053-0334-0},
    publisher = {Benjamin-Cummings Publishing Co., Inc.},
%    address = {Redwood City, CA, USA}
}
@article{voyager,
    author = {Glass, James and Flammia, Giovanni and Goodine, David and Phillips, Michael and Polifroni, Joseph and Sakai, Shinsuke and Seneff, Stephanie and Zue, Victor},
    year = {1995},
    %pages = {1-18},
    title = {Multilingual spoken-language understanding in the MIT Voyager system},
    %    volume = {17},
    journal = {Speech Communication}
}

@article{jupiter,
    author = {Victor Zue and Stephanie Seneff and James Glass and Joseph Polifroni and Christine Pao and Timothy J. Hazen and Lee Hetherington},
    title = {Jupiter: A Telephone-Based Conversational Interface for Weather Information},
    journal = {IEEE Transactions on Speech and Audio Processing},
    year = {2000},
%    volume = {8},
%pages = {85--96}
}

@book{cortada2005digital,
    title = {The Digital Hand: Volume II: How Computers Changed the Work of American Financial, Telecommunications, Media, and Entertainment Industries},
    author = {Cortada, James W. },
    %    isbn = {9780198037101},
    year = {2005},
    publisher = {Oxford University Press}
}

@Book{these-pietquin,
    author = {Olivier Pietquin},
    title = {A Framework for Unsupervised Learning of Dialogue Strategies},
    year = {2004},
    publisher = {Presses Universitaires de Louvain},
%    series = {SIMILAR Collection},
%    isbn = {2930344636}
}
@article{gus,
    author = {Bobrow, Daniel G. and Kaplan, Ronald M. and Kay, Martin and Norman, Donald A. and Thompson, Henry and Winograd, Terry},
    title = {GUS, a Frame-driven Dialog System},
    journal = {Artificial Intelligence},
    %    issue_date = {April 1977},
    %    volume = {8},
    %    number = {2},

    year = {1977},
%pages = {155--173},
%numpages = {19},
%    acmid = {3015420},
%    publisher = {Elsevier Science Publishers Ltd.},
%    address = {Essex, UK}
}
@inproceedings{dstc-rnn,
    author = {Henderson, Matthew
		and Thomson, Blaise
		and Young, Steve},
    title = {Deep Neural Network Approach for the Dialog State Tracking Challenge},
    booktitle = {\SIGDIAL},
    year = {2013},
%pages = {467--471},
}

@inproceedings{dstc,
    title = {The Dialog State Tracking Challenge},
    author = {Jason D. Williams and Antoine Raux and Deepak Ramachandran and Alan W. Black},
    booktitle = {\SIGDIAL},
    year = {2013}
}
@inproceedings{pomdp-sds,
    author = {Steve J. Young and Milica Gasic and Blaise Thomson and Jason D. Williams},
    booktitle = {IEEE},
    title = {POMDP-Based Statistical Spoken Dialog Systems: A Review},
    year = {2013},
%    volume = {101},
%    number = {5},
%pages = {1160-1179}
}


@article{pomdp,
    title = {Optimal control of Markov processes with incomplete state information},
    journal = {Journal of Mathematical Analysis and Applications},
    %    volume = {10},
    %    number = {1},
    %pages = {174 - 205},
    year = {1965},
    author = { Karl Johan, Astrom}
}
@inproceedings{pydial,
    title = {PyDial: A Multi-domain Statistical Dialogue System Toolkit},
    author = {Stefan Ultes and Lina Maria Rojas-Barahona and Pei-hao Su and David Vandyke and Dongho Kim and Inigo Casanueva and Pawel Budzianowski and Nikola Mrksic and Tsung-Hsien Wen and Milica Gasic and Steve J. Young},
    booktitle = {\ACL},
    year = {2017}
}

@book{parry,
    author = {Colby, Kenneth Mark},
    title = {Artificial Paranoia: A Computer Simulation of Paranoid Processes},
    year = {1975},
    %isbn = {0080181627},
    publisher = {Elsevier Science Inc.},
%    address = {New York, NY, USA}
}
@article{ibm-text-classif,
    author = {Johnson, D. E. and Oles, F. J. and Zhang, T. and Goetz, T.},
    title = {A Decision-tree-based Symbolic Rule Induction System for Text Categorization},
    journal = {IBM System Journal},
    %    issue_date = {July 2002},
    %    volume = {41},
    %    number = {3},
    year = {2002},
%pages = {428--437},
%numpages = {10},
%    acmid = {1662329},
%    publisher = {IBM Corporation},
%    address = {Riverton, NJ, USA}
}
@techreport{nlu-bobrow,
    author = {Bobrow, Daniel G.},
    title = {Natural Language Input for a Computer Problem Solving System},
    year = {1964},
    publisher = {Massachusetts Institute of Technology},
%    address = {Cambridge, MA, USA}
}
@inproceedings{nlu-concept,
    author = {Schank, Roger C. and Tesler, Larry},
    title = {A Conceptual Dependency Parser for Natural Language},
    booktitle = {\COLING},
    %    series = {COLING '69},
    year = {1969},
%    location = {S\&\#229;ng-S\&\#228;by, Sweden},
%pages = {1--3},
%numpages = {3},
%    acmid = {990405},
%    publisher = {Association for Computational Linguistics},
%    address = {Stroudsburg, PA, USA}
}

@techreport{lstm-nlg,
    title = {Semantically conditioned lstm-based natural language generation for spoken dialogue systems},
    author = {Wen, Tsung-Hsien and Gasic, Milica and Mrksic, Nikola and Su, Pei-Hao and Vandyke, David and Young, Steve},
    journal = {arXiv preprint arXiv:1508.01745},
    year = {2015}
}
@inproceedings{Ehsan:2018:RNM:3278721.3278736,
    author = {Ehsan, Upol and Harrison, Brent and Chan, Larry and Riedl, Mark O.},
    title = {Rationalization: A Neural Machine Translation Approach to Generating Natural Language Explanations},
    booktitle = {Conference on AI, Ethics, and Society, \ACM - \AAAI},
    %    series = {AIES '18},
    year = {2018},
%isbn = {978-1-4503-6012-8},
%    location = {New Orleans, LA, USA},
%pages = {81--87},
%numpages = {7},
%    acmid = {3278736},
%    publisher = {ACM},
%    address = {New York, NY, USA}
}

@article{survey-nlg,
    author = {Rivindu Perera and Parma Nand},
    title = {Recent Advances in Natural Language Generation: A Survey and Classification of the Empirical Literature},
    journal = {Computing and Informatics},
    %    volume = {36},
    %    number = {1},
    year = {2017},
}
@article{nlg-weather-forecast,
    author = {Goldberg, Eli and Driedger, Norbert and Kittredge, Richard I.},
    title = {Using Natural-Language Processing to Produce Weather Forecasts},
    journal = {IEEE Expert: Intelligent Systems and Their Applications},
    %    issue_date = {April 1994},
    %    volume = {9},
    %    number = {2},
    year = {1994},
%pages = {45--53},
%numpages = {9},
%    acmid = {630016},
%    publisher = {IEEE Educational Activities Department},
%    address = {Piscataway, NJ, USA}
}

@inproceedings{poo-nlg,
    title = {Customizable Descriptions of Object-Oriented Models.},
    author = {Lavoie, Benoit and Ranbow, Owen and Reiter, Ehud},
    booktitle = {\ANLP},
    year = {1977}
}

@article{lemon2011learning,
    title = {Learning what to say and how to say it: Joint optimisation of spoken dialogue management and natural language generation},
    author = {Lemon, Oliver},
    journal = {Computer Speech \& Language},
    %    volume = {25},
    %    number = {2},
    %pages = {210--221},
    year = {2011},
%    publisher = {Elsevier}
}
@inproceedings{oh2000stochastic,
    title = {Stochastic language generation for spoken dialogue systems},
    author = {Oh, Alice H and Rudnicky, Alexander I},
    booktitle = {Workshop on Conversational Systems, \ANLP-NAACL},
    year = {2000}
}
@inproceedings{rambow,
    author = {Rambow, Owen and Bangalore, Srinivas and Walker, Marilyn},
    title = {Natural Language Generation in Dialog Systems},
    booktitle = {International Conference on Human Language Technology Research},
    %    series = {HLT '01},
    year = {2001},
%    location = {San Diego},
%pages = {1--4},
%numpages = {4},

%    acmid = {1072207},
%    publisher = {Association for Computational Linguistics},
%    address = {Stroudsburg, PA, USA}
}
@article{lstm,
    author = {Hochreiter, Sepp and Schmidhuber, Jürgen},
    year = {1997},

    %pages = {1735-80},
    title = {Long Short-term Memory},
    %    volume = {9},
    journal = {Neural computation}
}
@inproceedings{rnn-asr,
    author = {Graves, Alex and Jaitly, Navdeep},
    title = {Towards End-to-end Speech Recognition with Recurrent Neural Networks},
    booktitle = {\ICML},
    year = {2014},
%pages = {II-1764--II-1772}
}
@incollection{gan,
    title = {Generative Adversarial Nets},
    author = {Goodfellow, Ian and Pouget-Abadie, Jean and Mirza, Mehdi and Xu, Bing and Warde-Farley, David and Ozair, Sherjil and Courville, Aaron and Bengio, Yoshua},
    booktitle = {\NIPS},
    %pages = {2672--2680},
    year = {2014},
%    publisher = {Curran Associates, Inc.}
}
@article{wavenet,
    title = {WaveNet: A generative model for raw audio.},
    author = {Van Den Oord, A { \"a } ron and Dieleman, Sander and Zen, Heiga and Simonyan, Karen and Vinyals, Oriol and Graves, Alex and Kalchbrenner, Nal and Senior, Andrew W and Kavukcuoglu, Koray},
    journal = {\SSW},
    %    volume = {125},
    year = {2016}
}


@inproceedings{hmm,
    author = {Frederick Jelinek},
    title = {Continuous Speech Recognition by Statistical Methods},
    booktitle = {IEEE 64},
    year = {1976},
%pages = {532--556}
}
@techreport{gold,
    author = {Ben, Gold},
    title = {Word Recognition Computer Program},
    institution = {Research Laboratory of Electronics. Cambrige; M. I. T.},
    year = {1966}
}
@article{forgie,
    author = {W. Forgie, James and D. Forgie, Carma},
    year = {1959},

    %pages = {844-844},
    title = {Results Obtained from a Vowel Recognition Computer Program},
    %    volume = {31},
    journal = {The Journal of the Acoustical Society of America}
}
@article{davis1952automatic,
    author = {Davis, KH and Biddulph, R and Balashek, Stephen},
    journal = {Journal of the Acoustical Society of America},
    %    number = 6,
    %pages = {637--642},
    title = {Automatic recognition of spoken digits},
    %    volume = 24,
    year = 1952
}

@incollection{rnn,
    author = {Rumelhart, David E. and Hinton, Geoffrey E. and Williams, Ronald J.},
    %    chapter = {Learning Internal Representations by Error Propagation},
    title = {Parallel Distributed Processing: Explorations in the Microstructure of Cognition, Vol. 1},
    year = {1986},
    %isbn = {0-262-68053-X},
    %pages = {318--362},
    %numpages = {45},
    %    acmid = {104293},
    publisher = {MIT Press},
%    address = {Cambridge, MA, USA}
}

@inproceedings{klatttalk,
    author = {Dennis, Klatt},
    title = {How Klattalk became DECtalk: An Academic's Experiences in the Business World},
    booktitle = {The official proceedings of Speech Technology, New York},
    year = {1987}
}
@inproceedings{voder,
    author = {Homer, Dudley and R., Riesz and S., Watkins},
    title = {A Synthetic Speaker},
    booktitle = {Journal of Franklin Institute, Philadelphia},
    year = {1939}
}

@inproceedings{rogerian,
    author = {Carl Rogers},
    year = {1942},
    title = {Counseling and psychotherapy},
    booktitle = {Cambridge, MA: Riverside Press}
}
@inproceedings{ELIZA,
    author = {Joseph Weizenbaum},
    title = {Eliza—a computer program for the study of natural language com- munication between man and machine.},
    booktitle = {Communications of the \ACM},
    year = {1966}
}
@inproceedings{turing-maching,
    title = {On Computable Numbers, with an Application to the Entscheidungs problem},
    author = {Turing, Alan Madison},
    booktitle = {London Mathematical Society},
    year = {1936}
}

@inproceedings{turing-test,
    title = {Computing machinery and intelligence},
    author = {Turing, Alan Madison},
    booktitle = {Mind},
    year = {1950}
}
@inproceedings{ADEM,
    author = {Lowe, Ryan
and Noseworthy, Michael
and Serban, Iulian Vlad
and Angelard-Gontier, Nicolas
and Bengio, Yoshua
and Pineau, Joelle},
    title = {Towards an Automatic Turing Test: Learning to Evaluate Dialogue Responses},
    booktitle = {\ACL},
    year = {2017}
}
@inproceedings{BLEU,
    author = {Papineni, Kishore
		and Roukos, Salim
		and Ward, Todd
		and Zhu, Wei-Jing},
    title = {Bleu: a Method for Automatic Evaluation of Machine Translation},
    booktitle = {\ACL},
    year = {2002}
}
@inproceedings{ROUGE,
    author = {Lin, Chin-Yew},
    title = {ROUGE: A Package for Automatic Evaluation of Summaries},
    booktitle = {Workshop on Text Summarization Branches Out, \ACL},
    year = {2004}
}

@book{hal9000,
    author = {Arthur Charles Clarke},
    title = {2001: A Space Odyssey},
    publisher = {Hutchinson},
    year = {1968}
}
@book{multivac,
    author = {Isaac Asimov},
    title = {The Machine That Won the War},
    publisher = {The Magazine of Fantasy and Science Fiction},
    year = {1961}
}

@book{k2000,
    author = {	Glen Albert Larson},
    title = {Knight Rider},
    publisher = {National Broadcasting Company},
    year = {1986}
}

@book{asimov-foundationandearth,
    author = {Isaac Asimov},
    title = {Foundation and Earth},
    publisher = {Doubleday},
    year = {1986}
}
@movie{ex-machina,
    title = {Ex machina},
    author = {Oscar Isaac},
    year = 2015,
    entrysubtype = {movie}
}
@movie{blade-runner,
    title = {Bladerunner},
    author = {Ridley Scott},
    year = 1982,
    entrysubtype = {movie}
}
@movie{her,
    title = {Her},
    author = {Spike Jonze},
    year = 2013,
    entrysubtype = {movie}
}
@movie{imitation-game,
    title = {Imitation Game},
    author = {Graham Moore},
    year = 2014,
    entrysubtype = {movie}
}
@inproceedings{Santana:2016:RAC:3016100.3016366,
    author = {Santana, Pedro and Thiébaux, Sylvie and Williams, Brian},
    title = {RAO*: An Algorithm for Chance-constrained POMDP's},
    booktitle = {\AAAI},
    year = {2016}
}

@inproceedings{Petrik2016,
    title = {Safe policy improvement by minimizing robust baseline regret},
    author = {Petrik, Marek and Ghavamzadeh, Mohammad and Chow, Yinlam},
    booktitle = {\NIPS},
    year = {2016}
}

@article{nadjahi2019safe,
    title = {Safe Policy Improvement with Soft Baseline Bootstrapping},
    author = {Nadjahi, Kimia and Laroche, Romain and Combes, Remi Tachet des },
    journal = {\ECML},
    year = { 2019 }
}

@inproceedings{laroche2019,
    title = { Safe Policy Improvement with Baseline Bootstrapping },
    author = { Laroche, Romain and Trichelair, Paul and Combes, Remi Tachet des },
    journal = { \ICML },
    year = { 2019 }
}



@inproceedings{Casanueva2015,
    author = { Casanueva, Inigo and Hain, Thomas and Christensen, Heidi and Marxer, Ricard and Green, Phil },
    title = { { Knowledge transfer between speakers for personalised dialogue management } },
    year = { 2015 },
    booktitle = { \SIGDIAL }
}

@inproceedings{Genevay2016,
    title = { Transfer Learning for User Adaptation in Spoken Dialogue Systems },
    author = { Genevay, Aude and Laroche, Romain },
    booktitle = { \AAMAS },
    year = { 2016 },
    organization = {International Foundation for Autonomous Agents and Multiagent Systems }
}

@inproceedings{Gasic2013,
    title = { POMDP-based dialogue manager adaptation to extended domains },
    author = { Gasic , Milica and Breslin, Catherine and Henderson, Matthew and Kim, Dongho and Szummer, Martin and Thomson, Blaise and Tsiakoulis, Pirros and Young, Steve},
    booktitle = { \SIGDIAL },
    year = { 2013 }
}



@incollection{LazaricSurvey,
    TITLE = { Transfer in Reinforcement Learning: a Framework and a Survey },
    AUTHOR = { Lazaric, Alessandro},
    BOOKTITLE = { Reinforcement Learning - State of the art },
    EDITOR = { Marco Wiering, Martijn van Otterlo },
    PUBLISHER = { Springer },
    %pages = {143-173},
    YEAR = { 2012 }
}



@inproceedings{AchiamHTA17,
    title = { Constrained Policy Optimization },
    author = { Joshua Achiam and David Held and Aviv Tamar and Pieter Abbeel },
    booktitle = { \ICML },
    year = { 2017 }
}




@article{Graham1972,
    author = { Graham, Ronald L. },
    journal = { Information Processesing Letter },
    title = {An Efficient Algorithm for Determining the Convex Hull of a Finite Planar Set },
    year = 1972
}



@inproceedings{Boutilier_Lu:uai16,
    author = { Craig Boutilier and Tyler Lu },
    title = { Budget Allocation using Weakly Coupled, Constrained Markov Decision Processes },
    booktitle = { \UAI },
    year = { 2016 }
}

@book{Altman95constrainedmarkov,
    author = { Eitan Altman },
    title = { Constrained Markov Decision Processes },
    year = {1999 },
    publisher = { CRC Press }
}


@book{bertsekas1996,
    author = { Bertsekas, Dimitri P. },
    title = { Constrained Optimization and Lagrange Multiplier Methods (Optimization and Neural Computation Series) },
    year = 1996,
    publisher = { Athena Scientific }
}

@article{ChowGJP15,
    author = { Yinlam Chow and Mohammad Ghavamzadeh and Lucas Janson and Marco Pavone },
    title = {Risk-Constrained Reinforcement Learning with Percentile Risk Criteria },
    journal = { \JMLR },
    year = { 2018 }
}

@article{slsqp,
    author = { Dieter Kraft and Klaus Schnepper },
    title = { SLSQP, a Nonlinear Programming Method with Quadratic Programming Subproblems },
    journal = { DLR, Oberpfaffenhofen},
    year = { 1989 }
}


@article{Ernst05,
    author = { Ernst, Damien and Geurts, Pierre and Wehenkel, Louis },
    journal = { \JMLR },
    title = { Tree-Based Batch Mode Reinforcement Learning },
    year = { 2005 }
}



@article{abs-1109-2147,
    title = { Risk-sensitive reinforcement learning applied to control under constraints. },
    author = { Geibel, Peter and Wysotzki, Fritz },
    journal = { \JAIR },
    %    volume = {24},
    year = { 2005 }
}


@article{Hoerl:2000:RRB:338441.338461,
    author = { Hoerl, Arthur E. and Kennard, Robert W. },
    title = { Ridge Regression: Biased Estimation for Nonorthogonal Problems },
    journal = { Technometrics },
    year = { 2000 }
}


@book{SuttonBarto,
    title = { Reinforcement learning: An introduction },
    author = { Sutton, Richard S and Barto, Andrew G},
    year = { 1998 },
    publisher = { MIT press Cambridge }
}



@inproceedings{Thomas2015,
    title = { High confidence policy improvement },
    author = { Thomas, Philip and Theocharous, Georgios and Ghavamzadeh, Mohammad },
    booktitle = { \ICML },
    year = { 2015 }
}

@article{Tikhonov1963,
    title = { Regularization of incorrectly posed problems },
    author = { Tikhonov, Andrei Nikolaevich },
    journal = { Doklady Akademii Nauk SSSR },
    year = { 1963 }
}

@techreport{Undurti,
    title = { { Function Approximation for Continuous Constrained MDPs } },
    author = { Undurti, Aditya and Geramifard, Alborz and Roy, Nicholas and How, Jonathan P },
    year = { 2010 }
}

@inproceedings{Undurti2010,
    title = { An online algorithm for constrained POMDPs},
    author = { Undurti, Aditya and How, Jonathan P },
    booktitle = { IEEE International Conference on Robotics and Automation },
    %pages = {3966--3973},
    year = { 2010},
% organization = { IEEE }
}

@inproceedings{ijcai2018-778,
    title = { "Chitty-Chitty-Chat Bot": Deep Learning for Conversational AI },
    author = { Rui Yan },
    booktitle = { \IJCAI },
    %    publisher = { International Joint Conferences on Artificial Intelligence Organization },
    %pages = { 5520--5526 },
    year = { 2018 },
}

@book{cummings2010routledge,
    title = { The Routledge pragmatics encyclopedia },
    author = { Cummings, Louise },
    year = {2010 },
    publisher = { Routledge }
}

@inproceedings{serban2016building,
    title = { Building end-to-end dialogue systems using generative hierarchical neural network models },
    author = { Serban, Iulian Vlad and Sordoni, Alessandro and Bengio, Yoshua and Courville, Aaron and Pineau, Joelle },
    booktitle = { \AAAI},
    year = { 2016 }
}

@inproceedings{sadek1997artimis,
    title = { ARTIMIS: Natural dialogue meets rational agency},
    author = { Sadek, M David and Bretier, Philippe and Panaget, Franck },
    journal = { \IJCAI},
    year = { 1997 }
}


@article{ChunmingLiu2014,
    author = { { Chunming Liu } and { Xin Xu } and { Dewen Hu } },
    journal = { IEEE Transactions on Systems, Man, and Cybernetics: Systems },
    title = { { Multiobjective Reinforcement Learning: A Comprehensive Overview } },
    year = { 2014 }
}



@article{Mnih2015,
    title = { Human-level control through deep reinforcement learning},
    author = { Mnih, Volodymyr and Kavukcuoglu, Koray and Silver, David and Rusu, Andrei A and Veness, Joel and Bellemare, Marc G and Graves, Alex and Riedmiller, Martin and Fidjeland, Andreas K and Ostrovski, Georg and others },
    journal = { Nature },
    %    volume = {518 },
    %    number = { 7540 },
    %pages = { 529 },
    year = { 2015 },
% publisher = { Nature Publishing Group }
}

@inproceedings{Watkins92q-learning,
    author = { J. C. H. Watkins, Christopher and Dayan, Peter },
    title = { Q-learning },
    booktitle = { Machine Learning },
    year = {1992 },
%pages = { 279--292 }
}

@inproceedings{Barlier2015,
    title = { Human-Machine Dialogue as a Stochastic Game},
    author = { Barlier, Merwan and Perolat, Julien and Laroche, Romain and Pietquin, Olivier },
    booktitle = { \SIGDIAL },
    year = { 2015 }
}

@inproceedings{Georgila2011,
    title = { Reinforcement Learning of Argumentation Dialogue Policies in Negotiation. },
    author = { Georgila, Kallirroi and Traum, David R },
    booktitle = { \INTERSPEECH },
    %pages = { 2073--2076 },
    year = { 2011 }
}


@inproceedings{first-mdp-sds,
    title = { A stochastic model of computer-human interaction for learning dialogue strategies. },
    author = { Levin, Esther and Pieraccini, Roberto },
    booktitle = { \EUROSPEECH},
    year = { 1997 }
}

@inproceedings{Lazaric2008,
    title = { Transfer of samples in batch reinforcement learning },
    author = { Lazaric, Alessandro and Restelli, Marcello and Bonarini, Andrea },
    booktitle = { \ICML},
    %pages = { 544--551 },
    year = { 2008 },
% organization = { ACM }
}



@article{auer2002,
    title = { Finite-time analysis of the multiarmed bandit problem },
    author = { Auer, Peter and Cesa-Bianchi, Nicolo and Fischer, Paul },
    journal = { Machine learning },
    %    volume = { 47 },
    %    number = { 2-3 },
    %pages = { 235--256 },
    year = { 2002 },
% publisher = { Springer }
}

@inproceedings{Chandramohan2010,
    author = { Chandramohan, Senthilkumar and Geist, Matthieu and Pietquin, Olivier },
    booktitle = { \INTERSPEECH },
    title = { Optimizing Spoken Dialogue Management with Fitted Value Iteration },
    year = { 2010 }
}

@article{pietquin2011sample,
    title = { Sample-efficient batch reinforcement learning for dialogue management optimization },
    author = { Pietquin, Olivier and Geist, Matthieu and Chandramohan, Senthilkumar and Frezza-Buet, Hervé },
    journal = { ACM Transactions on Speech and Language Processing (TSLP) },
    %    volume = { 7 },
    %    number = { 3 },
    %pages = { 7 },
    year = { 2011 },
% publisher = { ACM }
}


@techreport{mahmud2013,
    title = { Clustering markov decision processes for continual transfer },
    author = { Mahmud, MM and Hawasly, Majd and Rosman, Benjamin and Ramamoorthy, Subramanian },
    journal = { arXiv preprint arXiv:1311.3959 },
    year = {2013 }
}

@incollection{Laroche2016,
    title = { The negotiation dialogue game },
    author = { Laroche, Romain and Genevay, Aude },
    booktitle = { Dialogues with Social Robots },
    %pages = { 403--410 },
    year = { 2017 },
    publisher = { Springer }
}

@inproceedings{Chandramohan2012,
    author = { Chandramohan, Senthilkumar and Geist, Matthieu and Lefevre, Fabrice and Pietquin, Olivier },
    booktitle = {\ICASSP },
    title = { { Clustering behaviors of spoken dialogue systems users } },
    year = {2012 }
}




@inproceedings{Ultes2015,
    title = { Quality-adaptive spoken dialogue initiative selection and implications on reward modelling },
    author = { Ultes, Stefan and Kraus, Matthias and Schmitt, Alexander and Minker, Wolfgang},
    booktitle = { \SIGDIAL },
    %pages = {374--383},
    year = { 2015 }
}

@inproceedings{Sadri2001,
    title = { Dialogues for negotiation: agent varieties and dialogue sequences },
    author = { Sadri, Fariba and Toni, Francesca and Torroni, Paolo },
    booktitle = {\ATAL },
    %pages = { 405--421 },
    year = { 2001 },
%    organization = { Springer }
}


@article{Massoud2009,
    title = { Regularized fitted Q-iteration for planning in continuous-space Markovian decision problems },
    author = { massoud Farahmand, Amir and Ghavamzadeh, Mohammad and Szepesvari, Csaba and Mannor, Shie },
    booktitle = { American Control Conference },
    %pages = {725--730},
    year = { 2009 },
% organization = { IEEE }
}





@article{young2009-podmp-dst,
    TITLE = { The Hidden Information State Model: a practical framework for POMDP-based spoken dialogue management },
    AUTHOR = { Young, Steve and Gašić, Milica and Keizer, Simon and Mairesse, François and Schatzmann, Jost and Thomson, Blaise and Yu, Kai },
    %    URL = { https://hal.archives-ouvertes.fr/hal-00598186 },
    JOURNAL = { { Computer Speech and Language } },
    %    PUBLISHER = { { Elsevier } },
    %    VOLUME = { 24 },
    %    NUMBER = { 2 },
    %pages = { 150 },
    YEAR = { 2009 }
}

@inproceedings{Dauphin2014ZeroShotLA,
    title = { Zero-shot learning and clustering for semantic utterance classification using deep learning },
    author = {Yann, D and Tur, G and Hakkani-Tur, D and Heck, L },
    year = { 2014 },
    publisher = { \ICLR }
}

@inproceedings{Deng2012-nn-for-nlu,
    author = { Deng, Li and Tür, Gökhan and He, Xiaodong and Hakkani-Tür, Dilek Z. },
    booktitle = { \SLT },
    %isbn = { 978-1-4673-5125-6 },
    %pages = { 210-215},
    %    publisher = { IEEE },
    title = { Use of kernel deep convex networks and end-to-end learning for spoken language understanding. },
    year = 2012
}



@inproceedings{Hashemi2016QueryID,
    title = { Query Intent Detection using Convolutional Neural Networks },
    author = { Homa Baradaran Hashemi },
    booktitle = { Workshop on Query Understanding, International Conference on Web Search and Data Mining },
    year = { 2016 }
}

@inproceedings{Yan2017-sds-online-shopping,
    title = { Building Task-Oriented Dialogue Systems for Online Shopping },
    author = { Zhao Yan and Nan Duan and Peng Chen and Ming Zhou and Jianshe Zhou and Zhoujun Li },
    booktitle = { \AAAI },
    year = { 2017 }
}

@article{chen2017-survey-sds,
    author = { Chen, Hongshen and Liu, Xiaorui and Yin, Dawei and Tang, Jiliang },
    title = {A Survey on Dialogue Systems: Recent Advances and New Frontiers},
    journal = { Exploration Newsletter },
    %    volume = { 19},
    %    number = { 2 },
    year = { 2017 },
%pages = { 25--35 } ,
%numpages = { 11 } ,
% acmid = { 3166058 } ,
% publisher = { ACM } ,
% address = { New York, NY, USA } ,
}

@article{Gao2018-neural-approches-convertional-ai,
    title = { Neural approaches to conversational AI },
    author = { Gao, Jianfeng and Galley, Michel and Li, Lihong and others },
    journal = { Foundations and Trends { \textregistered } in Information Retrieval },
    %    volume = { 13 },
    %    number = { 2-3},
    %pages = { 127--298 },
    year = { 2019 },
% publisher = { Now Publishers, Inc. }
}

@inproceedings{Tr2012TowardsDU,
    title = { Towards deeper understanding: Deep convex networks for semantic utterance classification },
    author = { Tür, Gökhan and Li Deng and Hakkani-Tür, Dilek Z. and He, Xiaodong },
    booktitle = { \ICASSP },
    year = { 2012 },
%pages = { 5045-5048 }
}
@inproceedings{li2016-dialogue-act-as-word,
    author = { Li, Jiwei
		and Monroe, Will
		and Ritter, Alan
		and Jurafsky, Dan
		and Galley, Michel
		and Gao, Jianfeng },
    title = { Deep Reinforcement Learning for Dialogue Generation },
    booktitle = { Conference on Empirical Methods in Natural Language Processing    },
    year = { 2016 },
% publisher = { Association for Computational Linguistics } ,
%pages = { 1192--1202 } ,
% location = { Austin, Texas }
}


@inproceedings{wen2017-rnn-hidden-state-for-mdp,
    author = { Tsung { - } Hsien Wen and
 Yishu Miao and
 Phil Blunsom and
 Steve J. Young},
    title = { Latent Intention Dialogue Models },
    booktitle = { \ICML },
    %    series = {Proceedings of Machine Learning Research },
    %    volume = {70 },
    %pages = { 3732--3741 },
    %    publisher = { { PMLR } },
    year = { 2017 }
}


@book{Jurafsky2000-intro-sds,
    author = { Jurafsky, Daniel and Martin, James H.},
    title = { Speech and Language Processing: An Introduction to Natural Language Processing, Computational Linguistics, and Speech Recognition},
    year = { 2000 },
    %isbn = { 0130950696 },
    %    edition = { 1st },
    publisher = { Prentice Hall PTR },
% address = { Upper Saddle River, NJ, USA } ,
}

@inproceedings{Zhang2016-joint-slot-filling-and-user-intent,
    author = { Zhang, Xiaodong and Wang, Houfeng },
    title = { A Joint Model of Intent Determination and Slot Filling for Spoken Language Understanding },
    booktitle = { \IJCAI },
    year = { 2016 },
}


@ARTICLE{hinton2009-deep-belief-network,
    AUTHOR = { Hinton, Geoffrey E. },
    TITLE = { Deep belief networks },
    YEAR = { 2009 },
    JOURNAL = { Scholarpedia },
% VOLUME = { 4 } ,
% NUMBER = { 5 },
%pages = { 5947 } ,
% DOI = { 10.4249/scholarpedia.5947 } ,
% NOTE = { revision \#91189 }
}

@inproceedings{Oord2018ParallelWF,
    title = { Parallel WaveNet: Fast High-Fidelity Speech Synthesis},
    author = { Aäron van den Oord and Yazhe Li and Igor Babuschkin and Karen Simonyan and Oriol Vinyals and Koray Kavukcuoglu and George van den Driessche and Edward Lockhart and Luis C. Cobo and Florian Stimberg and Norman Casagrande and Dominik Grewe and Seb Noury and Sander Dieleman and Erich Elsen and Nal Kalchbrenner and Heiga Zen and Alex Graves and Helen King and Tom Walters and Dan Belov and Demis Hassabis },
    booktitle = {\ICML },
    year = { 2018 }
}

@inproceedings{Wang2017-TacotronTE-tts,
    title = { Tacotron: Towards End-to-End Speech Synthesis },
    author = { Yuxuan Wang and R. J. Skerry-Ryan and Daisy Stanton and Yonghui Wu and Ron J. Weiss and Navdeep Jaitly and Zongheng Yang and Ying Xiao and Zhifeng Chen and Samy Bengio and Quoc V. Le and Yannis Agiomyrgiannakis and Robert Clark and Rif A. Saurous },
    booktitle = { \INTERSPEECH },
    year = {2017 }
}
@book{austin1962,
    author = { Austin, John L. },
    year = { 1962 },
    title = { How to do things with words },
    publisher = { Cambridge: Harvard University Press }
}

@book{searle1969,
    author = { Searle, John R. },
    title = { Speech acts: An essay in the philosophy of language },
    %    volume = { 626 },
    publisher = { Cambridge university press },
    year = { 1969 }
}

@inproceedings{Chorowski2017-rnnml-asr,
    title = { Towards better decoding and language model integration in sequence to sequence models },
    author = { Jan Chorowski and Navdeep Jaitly },
    booktitle = { \INTERSPEECH },
    year = { 2017 }
}

@inproceedings{Kyungmin2018-rnnml-asr,
    author = { Kyungmin Lee and
 Chiyoun Park and
 Namhoon Kim and
 Jaewon Lee },
    title = {Accelerating Recurrent Neural Network Language Model Based Online
 Speech Recognition System },
    booktitle = { \ICASSP },
    %pages = { 5904--5908 },
    year = { 2018 },
% crossref = { DBLP:conf/icassp/2018 } ,
% timestamp = { Tue, 18 Sep 2018 14:34:15 +0200 } ,
% bibsource = { dblp computer science bibliography, https://dblp.org }
}

@inproceedings{Kim2018-CTC-asr,
    title = { Towards Language-Universal End-to-End Speech Recognition },
    author = { Suyoun Kim and Michael L. Seltzer},
    booktitle = { \ICASSP },
    year = { 2018 },
%pages = { 4914-4918 }
}

@inproceedings{Kim2017-lstm-asr,
    title = { Residual LSTM: Design of a Deep Recurrent Architecture for Distant Speech Recognition },
    author = { Jaeyoung Kim and Mostafa El-Khamy and Jungwon Lee },
    booktitle = { \INTERSPEECH },
    year = {2017 }
}
@inproceedings{Huang:2013:cnn-intent-detection-nlu,
    author = { Huang, Po-Sen and He, Xiaodong and Gao, Jianfeng and Deng, Li and Acero, Alex and Heck, Larry },
    title = { Learning Deep Structured Semantic Models for Web Search Using Clickthrough Data },
    booktitle = { ACM International Conference on Information \& Knowledge Management},
    %    series = { CIKM '13 },
    year = { 2013 },
%isbn = { 978-1-4503-2263-8 } ,
% location = { San Francisco, California, USA } ,
%pages = { 2333--2338 } ,
%numpages = { 6 } ,
% acmid = { 2505665 } ,
% publisher = { ACM } ,
% address = { New York, NY, USA } ,
}

@inproceedings{Shen:2014:cnn-intent-detection-nlu,
    author = { Shen, Yelong and He, Xiaodong and Gao, Jianfeng and Deng, Li and Mesnil, Gr { \'e } goire },
    title = { Learning Semantic Representations Using Convolutional Neural Networks for Web Search },
    booktitle = { International Conference on World Wide Web },
    %    series = { WWW '14 Companion },
    year = { 2014 },
%isbn = { 978-1-4503-2745-9 } ,
% location = { Seoul, Korea } ,
%pages = { 373--374 } ,
%numpages = { 2 } ,
% acmid = { 2577348 } ,
% publisher = { ACM },
% address = { New York, NY, USA } ,
}

@inproceedings{Deoras2014-deepbeleifnetwork-smeantic-tagger,
    author = { Deoras, Anoop and Sarikaya, Ruhi },
    booktitle = { \INTERSPEECH },
    %pages = {2713-2717 },
    %    publisher = { ISCA },
    title = { Deep belief network based semantic taggers for spoken language understanding. },
    year = { 2013 }
}

@inproceedings{mesnil2013-rnn-semantic-tagger,
    author = { Mesnil, Gregoire and He, Xiaodong and Deng, Li and Bengio, Yoshua },
    booktitle = {\INTERSPEECH },
    %pages = { 3771--3775 },
    title = { Investigation of recurrent-neural-network architectures and learning methods for spoken language understanding. },
    year = { 2013 }
}
@inproceedings{Yao2013-rnn-semantic-tagger-with-lm,
    title = { Recurrent neural networks for language understanding},
    author = { Kaisheng Yao and Geoffrey Zweig and Mei-Yuh Hwang and Yangyang Shi and Dong Yu },
    booktitle = { \INTERSPEECH },
    year = {2013 }
}

@inproceedings{Yao2014-lstm-semantic-tagger,
    title = { Spoken language understanding using long short-term memory neural networks },
    author = { Kaisheng Yao and Baolin Peng and Shuyuan Zhang and Dong Yu and Geoffrey Zweig and Yangyang Shi },
    booktitle = {\SLT },
    year = { 2014 },
%pages = { 189-194 }
}

@inproceedings{Sarikaya2011-deepbeleifnetwork-smeantic-tagger,
    title = { Deep belief nets for natural language call-routing },
    author = { Ruhi Sarikaya and Geoffrey E. Hinton and Bhuvana Ramabhadran },
    booktitle = {\ICASSP },
    year = { 2011 },
%pages = { 5680-5683 }
}

@inproceedings{LeCun1999-cnn,
    title = { Object Recognition with Gradient-Based Learning },
    author = { Yann LeCun and Patrick Haffner and L { \'e } on Bottou and Yoshua Bengio },
    booktitle = { Shape, Contour and Grouping in Computer Vision },
    year = { 1999 }
}

@article{Fukushima1980-cnn,
    author = { Fukushima, Kunihiko },
    year = { 1980 },

    %pages = { 193-202 },
    title = { Neocognitron: A self-organizing neural network model for a mechanism of pattern recognition unaffected by shift in position },
    volume = { 36 },
    journal = { Biological cybernetics },

}

@inproceedings{Weng1993-cnn,
    author = { John J. Weng and Narendra Ahuja and Thomas S. Huang },
    booktitle = { International Conference on Computer Vision },
    title = { Learning recognition and segmentation of 3-D objects from 2-D images },
    year = { 1993 },
%pages = { 121-128 } ,
% month = { May }
}

@inproceedings{Goddeau1996-handcrafted-dst,
    title = { A form-based dialogue manager for spoken language applications },
    author = { David Goddeau and Helen M. Meng and Joseph Polifroni and Stephanie Seneff and Senis Busayapongchai },
    booktitle = { \ICSLP },
    year = { 1996 }
}

@inproceedings{Henderson-dst-review,
    title = { Machine Learning for Dialog State Tracking: A Review },
    author = { Matthew Henderson },
    year = { 2015 },
    booktitle = {International Workshop on Machine Learning in Spoken Language Processing }
}

@book{Thomson:2013-thesis-dialogue-management,
    author = { Thomson, Blaise },
    title = { Statistical Methods for Spoken Dialogue Management },
    year = { 2013 },
    %isbn = { 144714922X, 9781447149224},
    publisher = { Springer Publishing Company, Incorporated },
}

@techreport{Lowe2015-ubuntu-corpus,
    title = { The ubuntu dialogue corpus: A large dataset for research in unstructured multi-turn dialogue systems },
    author = { Lowe, Ryan and Pow, Nissan and Serban, Iulian and Pineau, Joelle },
    journal = { arXiv preprint arXiv:1506.08909 },
    year = { 2015 }
}

@techreport{serban2015-survey-dialogue-corpora,
    title = { A survey of available corpora for building data-driven dialogue systems },
    author = { Serban, Iulian Vlad and Lowe, Ryan and Henderson, Peter and Charlin, Laurent and Pineau, Joelle },
    journal = { arXiv preprint arXiv:1512.05742 },
    year = { 2015 },

}



@article{Weisz2018-ac-rl,
    author = { Weisz, Gellert and Budzianowski, Pawel and Su, Pei-Hao and Gasic, Milica },
    title = {Sample Efficient Deep Reinforcement Learning for Dialogue Systems With Large Action Spaces },
    journal = { IEEE/ACM Transactions Audio, Speech and Language Processing },
    %    issue_date = { November 2018 },
    %    volume = { 26 },
    %    number = { 11 },

    year = { 2018 },
%pages = { 2083--2097 } ,
%numpages = { 15 } ,
% acmid = { 3281239 },
% publisher = { IEEE Press } ,
% address = { Piscataway, NJ, USA } ,
}

@article{Wang2016-ACER,
    title = { Sample efficient actor-critic with experience replay},
    author = { Wang, Ziyu and Bapst, Victor and Heess, Nicolas and Mnih, Volodymyr and Munos, Remi and Kavukcuoglu, Koray and de Freitas, Nando },
    journal = { arXiv preprint arXiv:1611.01224 },
    year = { 2016}
}

@inproceedings{Cuayhuitl2015StrategicDM,
    title = { Strategic Dialogue Management via Deep Reinforcement Learning },
    author = { Heriberto Cuayahuitl and Simon Keizer and Oliver Lemon },
    booktitle = { Workshop on Deep Reinforcement Learning, \NIPS },
    year = {2015 },
}

@article{Williams1992:REINFORCE,
    author = { Williams, Ronald J. },
    title = { Simple Statistical Gradient-Following Algorithms for Connectionist Reinforcement Learning},
    journal = { Machine Learning },
    %    issue_date = { May 1992 },
    %    volume = { 8},
    %    number = { 3-4 },

    year = { 1992 },
%pages = { 229--256 } ,
%numpages = { 28 } ,
% acmid = { 139614 } ,
% publisher = { Kluwer Academic Publishers } ,
% address = { Hingham, MA, USA } ,
%    keywords = { Reinforcement learning, connectionist networks, gradient descent, mathematical analysis } ,
}

@inproceedings{schatztnann2005-tl-dialogue,
    title = { Effects of the user model on simulation-based learning of dialogue strategies },
    author = {Schatztnann, Jost and Stuttle, Matthew N and Weilhammer, Karl and Young, Steve },
    booktitle = { IEEE Workshop on Automatic Speech Recognition and Understanding },
    %pages = {220--225 },
    year = { 2005 },
% organization = { IEEE }
}


@inproceedings{lemon2007-tl-dialogue,
    title = { Dialogue policy learning for combinations of noise and user simulation: transfer results },
    author = { Lemon, Oliver and Liu, Xingkun },
    booktitle = { \SIGDIAL },
    year = { 2007 }
}

@inproceedings{janarthanam2010-tl-dialogue,
    title = { Adaptive referring expression generation in spoken dialogue systems: Evaluation with real users },
    author = { Janarthanam, Srinivasan and Lemon, Oliver },
    booktitle = { \SIGDIAL },
    %pages = { 124--131 },
    year = { 2010 },
% organization = { Association for Computational Linguistics }
}


@inproceedings{elasri2014-tl-dialogue,
    TITLE = { { Task Completion Transfer Learning for Reward Inference } },
    AUTHOR = { El Asri, Layla and Laroche, Romain and Pietquin, Olivier },
    %    URL = { https://hal.inria.fr/hal-01107500 },
    BOOKTITLE = { Workshop, \AAAI },
    %    ADDRESS = { Québec, Canada },
    YEAR = { 2014 },

% HAL_ID = { hal-01107500 } ,
%    HAL_VERSION = { v1 } ,
}

@inproceedings{casanueva2015-tl-dialogue,
    title = { Knowledge transfer between speakers for personalised dialogue management },
    author = { Casanueva, Inigo and Hain, Thomas and Christensen, Heidi and Marxer, Ricard and Green, Phil },
    booktitle = { \SIGDIAL },
    %pages = { 12--21 },
    year = { 2015 }
}


@inproceedings{Keizer2016-tl-dialogue,
    author = { Keizer, Simon and Rieser, Verena },
    booktitle = { International Workshop on Domain Adaptation for Dialog Agents },
    title = { { The MaDrIgAL Project: Multi-Dimensional Interaction Management and Adaptive Learning } },
    year = { 2016 }
}


@article{narasimhan2018-tl-dialogue,
    title = { Grounding Language for Transfer in Deep Reinforcement Learning },
    author = { Narasimhan, Karthik and Barzilay, Regina and Jaakkola, Tommi },
    journal = {\JAIR },
    %    volume = {63 },
    %pages = { 849--874 },
    year = { 2018 }
}

@inproceedings{bonini2017-tl-dialogue,
    title = { Using options to accelerate learning of new tasks according to human preferences },
    author = { Bonini, Rodrigo Cesar and da Silva, Felipe Leno and Spina, Edison and Costa, Anna Helena Reali },
    booktitle = { Workshop, \AAAI },
    year = { 2017}
}

@inproceedings{Keizer2018-tl-dialogue,
    author = { Keizer, Simon and Rieser, Verena },
    booktitle = { \SEMDIAL },
    title = {{ Towards Learning Transferable Conversational Skills using Multi-dimensional Dialogue Modelling } },
    year = { 2018 }
}

@techreport{Mo2018-tl-dialogue-PROMISE,
    title = { Cross-domain Dialogue Policy Transfer via Simultaneous Speech-act and Slot Alignment },
    author = { Mo, Kaixiang and Zhang, Yu and Yang, Qiang and Fung, Pascale},
    journal = { arXiv preprint arXiv:1804.07691 },
    year = { 2018 }
}
@inproceedings{Chen2018-tl-dialogue,
    author = { Chen, Lu and Chang, Cheng and Chen, Zhi and Tan, Bowen and Gasic, Milica and Yu, Kai },
    booktitle = { \ICASSP },
    title = { { Policy Adaptation for Deep Reinforcement Learning-Based Dialogue Management } },
    year = { 2018 }
}

@inproceedings{Mo2018-tl-dialogue-PETAL,
    author = { Mo, Kaixiang and Li, Shuangyin and Zhang, Yu and Li, Jiajun and Yang, Qiang },
    booktitle = { \AAAI },
    title = { { Personalizing a Dialogue System with Transfer Reinforcement Learning } },
    year = { 2018 }
}


@inproceedings{Ilievski2018-tl-dialogue,
    title = { Goal-Oriented Chatbot Dialog Management Bootstrapping with Transfer Learning },
    author = { Vladimir Ilievski and Claudiu Musat and Andreea Hossmann and Michael Baeriswyl },
    booktitle = { \IJCAI },
    year = { 2018}
}

@incollection{khouzaimi2017-sim-dialogue,
    title = { Incremental human-machine dialogue simulation },
    author = { Khouzaimi, Hatim and Laroche, Romain and Lefevre, Fabrice },
    booktitle = { Dialogues with Social Robots},
    %pages = {53--66},
    year = { 2017 },
    publisher = { Springer }
}

@book{Rasmussen2006-gp-for-machine-learning,
    title = { Gaussian processes in machine learning },
    author = { Rasmussen, Carl Edward },
    booktitle = { Summer School on Machine Learning },
    %pages = {63--71},
    year = { 2003 },
% organization = { Springer}
}

@inproceedings{Engel2006-gp-dictonnary,
    author = { Engel, Yaakov and Mannor, Shie and Meir, Ron },
    booktitle = { \ICML },
    title = { { Reinforcement learning with Gaussian processes }},
    year = { 2006 }
}

@article{Thomson2009-BUDS-dialogue,
    title = { Bayesian update of dialogue state: A POMDP framework for spoken dialogue systems },
    author = { Thomson, Blaise and Young, Steve },
    journal = { Computer Speech \& Language },
    %    volume = {24},
    %    number = {4},
    %pages = {562--588},
    year = { 2010 },
% publisher = { Elsevier}
}

@article{Gasic2014-gp-pomdp-dialogue,
    title = { Gaussian processes for pomdp-based dialogue manager optimization },
    author = { Gasic, Milica and Young, Steve },
    journal = { IEEE/ACM Transactions on Audio, Speech, and Language Processing },
    %    volume = {22},
    %    number = {1},
    %pages = {28--40},
    year = { 2013 },
% publisher = { IEEE }
}

@inproceedings{ElAsri2012-reward-shapping-dl,
    title = { Reward Function Learning for Dialogue Management.},
    author = { El Asri, Layla and Laroche, Romain and Pietquin, Olivier },
    booktitle = { \STAIRS},
    %pages = {95--106},
    year = { 2012 }
}

@inproceedings{Iyengar2005,
    author = { Iyengar, Garud N. },
    booktitle = { \MOR },
    title = { { Robust Dynamic Programming } },
    year = { 2005 }
}

@inproceedings{Nilim2005,
    author = { Nilim, Arnab and { El Ghaoui } , Laurent },
    booktitle = { \MOR },
    title = { { Robust Control of Markov Decision Processes with Uncertain Transition Matrices } },
    year = { 2005 }
}

@inproceedings{Wiesemann2013,
    author = { Wiesemann, Wolfram and Kuhn, Daniel and Rustem, Berç },
    booktitle = { \MOR },
    title = { Robust Markov Decision Processes },
    year = { 2013 }
}

@inproceedings{Garcia2015,
    author = { Garcia, Javier and Fernandez, Fernando },
    booktitle = { Journal of Machine Learning Research (JMLR)},
    title = { { A Comprehensive Survey on Safe Reinforcement Learning } },
    year = { 2015}
}

@inproceedings{Tamar2012,
    author = { Tamar, Aviv and { Di Castro } , Dotan and Mannor, Shie },
    booktitle = { \ICML },
    title = { { Policy Gradients with Variance Related Risk Criteria } },
    year = { 2012 }
}

@inproceedings{Chow2014,
    author = { Chow, Yinlam and Tamar, Aviv and Mannor, Shie and Pavone, Marco },
    booktitle = {\NIPS },
    title = { { Risk-Sensitive and Robust Decision-Making: a CVaR Optimization Approach } },
    year = { 2015 }
}

@inproceedings{Leurent2018,
    author = { Leurent, Edouard and Blanco, Yann and Efimov, Denis and Maillard, Odalric-Ambrym },
    booktitle = {Workshop on Machine Learning for Intelligent Transportation Systems, \NIPS },
    title = { { Approximate Robust Control of Uncertain Dynamical Systems } },
    year = { 2018 }
}



@inproceedings{Khouzaimi2015,
    author = { Khouzaimi, Hatim and Laroche, Romain and Lefevre, Fabrice },
    title = { { Optimising turn-taking strategies with reinforcement learning. } },
    booktitle = {\SIGDIAL },
    year = { 2015 }
}


@inproceedings{Abe2010,
    author = { Abe, Naoki and Melville, Prem and Pendus, Cezar and Reddy, Chandan K. and Jensen, David L. and Thomas, Vince P. and Bennett, James J. and Anderson, Gary F. and Cooley, Brent R. and Kowalczyk, Melissa and Domick, Mark and Gardinier, Timothy },
    title = {Optimizing Debt Collections Using Constrained Reinforcement Learning },
    booktitle = { \SIGKDD },
    year = { 2010 }
}

@inproceedings{Liu2014,
    author = { Liu, Chunming and Xu, Xin and Hu, Dewen },
    booktitle = { IEEE Transactions on Systems, Man, and Cybernetics: Systems },
    title = {{ Multiobjective Reinforcement Learning: A Comprehensive Overview } },
    year = { 2014 }
}


@article{Bertsekas1999,
    title = { Nonlinear programming },
    author = { Bertsekas, Dimitri P },
    booktitle = { Journal of the Operational Research Society },
    year = { 1997 },
}

@inproceedings{BEUTLER1985236,
    title = { Optimal policies for controlled Markov chains with a constraint },
    booktitle = { Journal of Mathematical Analysis and Applications },
    year = { 1985},
    author = { Frederick J. Beutler and Keith W. Ross },

}

@inproceedings{Geibel2005,
    title = { Risk-sensitive reinforcement learning applied to control under constraints. },
    author = { Geibel, Peter and Wysotzki, Fritz },
    booktitle = { \JAIR },
    year = { 2005 }
}





@book{Luenberger2013,
    author = { Luenberger, David G. },
    title = { Investment science },
    publisher = { Oxford University Press, Incorporated },
    year = { 2013 }
}





@inproceedings{Poupart2015,
    author = { Pascal Poupart and Aarti Malhotra and Pei Pei and Kee-Eung Kim and Bongseok Goh and Michael Bowling },
    title = { Approximate Linear Programming for Constrained Partially Observable Markov Decision Processes },
    booktitle = { \AAAI },
    year = { 2015 },


}

@inproceedings{le2019batch,
    title = { Batch Policy Learning under Constraints },
    author = { Hoang M. Le and Cameron Voloshin and Yisong Yue },
    year = { 2019 },
    booktitle = { \ICML },
}

@inproceedings{Roijers2013ASO,
    title = { A Survey of Multi-Objective Sequential Decision-Making},
    author = { Diederik M. Roijers and Peter Vamplew and Shimon Whiteson and Richard Dazeley },
    booktitle = { \JAIR },
    year = { 2013 },
}

@inproceedings{Dann2018,
    author = { Christoph Dann and
 Lihong Li and
 Wei Wei and
 Emma Brunskill },
    title = {Policy Certificates: Towards Accountable Reinforcement Learning },
    booktitle = { \ICML },
    year = { 2019 },

}

@inproceedings{Mausser2003,
    author = { Mausser, Helmut and Rosen, Dan },
    title = { Beyond VaR: from measuring risk to managing risk },
    booktitle = { IEEE Conference on Computational Intelligence for Financial Engineering },
    year = { 2003 }
}

@article{Banach1922,
    author = { Banach, Stefan },
    journal = { Fundamenta Mathematicae },
    title = { Sur les opérations dans les ensembles abstraits et leur application aux équations intégrales },
    year = { 1922 },
}



@misc{right-click,
    author = { Saeed, Hira },
    title = { { RightClick.io Uses AI-Powered Chatbot to Create a Website } },
    url = { https://chatbotsmagazine.com/rightclick-io-ai-website-builder-82f0e6f3c61c },
    urldate = { 2019-06-03 },
    entrysubtype = { website }
}


@misc{pattern-plaback,
    author = { Philip Rubin and Louis Goldstein },
    title = { { The Pattern Playback } },
    url = { http://www.haskins.yale.edu/featured/patplay.html },
    urldate = {2019-06-08 },
    entrysubtype = { website }
}
@misc{melody-baidu,
    author = { Terry, Hugh },
    title = { { Baidu's Melody – AI Powered Conversational Bot for Doctors and Patients - The Digital Insurer } },
    url = { https://www.the-digital-insurer.com/dia/baidus-melody-ai-powered-conversational-bot-for-doctors-and-patients-1/ },
    urldate = { 2019-06-03},
    entrysubtype = { website }
}

@misc{mitsuku,
    author = { Worswick, Steve },
    title = { { Mitsuku } },
    howpublished = { https://www.pandorabots.com/mitsuku/ },
    year = { 2005 },
    entrysubtype = { software }
}

@misc{rose,
    author = { Bruce, Wilcox },
    title = { Rose },
    howpublished = { http://brilligunderstanding.com/rosedemo.html },
    year = { 2011 },
    entrysubtype = { software}
}

@article{bellman57,
    title = { A Markovian decision process },
    author = { Bellman, Richard },
    journal = {Journal of Mathematics and Mechanics },
    %pages = {679--684 },
    year = { 1957 },
    publisher = { JSTOR }
}

@book{howard60,
    %    added-at = { 2008-03-11T14:52:34.000+0100 },
    %    address = {Cambridge, MA },
    author = { Howard, Ronald A. },
    %    citeulike-article-id = { 2380352 },
    %    interhash = { 7eed9f4f6bd1f9ee063d80d0f732e48f },
    %    intrahash = { 8b55f737ee6dd7800ffc7952a33bb6bd },
    %    keywords = { inaki },
    %    priority = { 2},
    publisher = { MIT Press },
    %    timestamp = { 2008-03-11T14:56:12.000+0100 },
    title = { Dynamic Programming and Markov Processes },
    year = 1960
}


@book{schatzmann2008statistical,
    title = { Statistical User and Error Modelling for Spoken Dialogue Systems },
    author = { Schatzmann, Jost},
    year = { 2008 },
    publisher = { University of Cambridge }
}

@inproceedings{laroche2017ndg,
    author = { Laroche, Romain },
    title = { The complex negotiation dialogue game },
    year = { 2017 },
    booktitle = { \SEMDIAL },

}

@inproceedings{eckert1998bigram,
    title = { User modeling for spoken dialogue system evaluation },
    author = { Eckert, Wieland and Levin, Esther and Pieraccini, Roberto },
    booktitle = { IEEE Workshop on Automatic Speech Recognition and Understanding Proceedings },
    %pages = { 80--87 },
    year = { 1997 },
% organization = { IEEE }
}

@article{levin2000stochastic,
    title = { A stochastic model of human-machine interaction for learning dialog strategies },
    author = { Levin, Esther and Pieraccini, Roberto and Eckert, Wieland },
    journal = { IEEE Transactions on speech and audio processing },
    %    volume = { 8 },
    %    number = {1 },
    %pages = { 11--23 },
    year = { 2000 },
%    publisher = { IEEE }
}

@book{lemon2012data,
    title = { Data-driven methods for adaptive spoken dialogue systems: Computational learning for conversational interfaces },
    author = { Lemon, Oliver and Pietquin, Olivier },
    year = { 2012 },
    publisher = { Springer Science \& Business Media }
}

@inproceedings{asri2016rnn,
    title = { A Sequence-to-Sequence Model for User Simulation in Spoken Dialogue Systems },
    booktitle = { \INTERSPEECH},
    author = { El Asri, Layla and He, Jing and Suleman, Kaheer },
    year = { 2016 },
}

@inproceedings{Ferrucci2010,
    author = { Ferrucci, David and Brown, Eric and Chu-carroll, Jennifer and Fan, James and Gondek, David and Kalyanpur, Aditya A and Lally, Adam and Murdock, J William and Nyberg, Eric and Prager, John },
    booktitle = {\AAAI },
    title = {Building Watson: An Overview of the DeepQA Project},
    year = { 2010 }
}
@inproceedings{Ferreira2013,
 author = {Ferreira, Emmanuel and Lef\`{e}vre, Fabrice},
 title = {Social Signal and User Adaptation in Reinforcement Learning-based Dialogue Management},
 booktitle = {Workshop on Machine Learning for Interactive Systems: Bridging the Gap Between Perception, Action and Communication},
 year = {2013},
}


@inproceedings{Deisenroth2011,
    author = { Deisenroth, Marc Peter and Rasmussen, Carl Edward },
    title = { { PILCO: A Model-Based and Data-Efficient Approach to Policy Search } },
    booktitle = { \ICML },
    year = { 2011 }
}



@article{bellman59,
    author = { Bellman, Richard and Dreyfus, S.E. },
    year = { 1959 },
    %pages = { 247-247 },
    title = { Functional Approximations and Dynamic Programming },
    %    volume = { 13 },
    journal = { Mathematics of Computation },

}

@book{Bertsekas96b,
    author = { Bertsekas, Dimitri P. and Tsitsiklis, John N. },
    title = { Neuro-Dynamic Programming },
    year = { 1996 },
    %isbn = { 1886529108},
    %    edition = { 1st },
    publisher = { Athena Scientific },
}

@inproceedings{Riedmiller05,
    author = { Riedmiller, Martin },
    title = { Neural Fitted Q Iteration -- First Experiences with a Data Efficient Neural Reinforcement Learning Method },
    booktitle = { \ECML },
    year = { 2005 },
%    publisher = { Springer Berlin Heidelberg } ,
% address = { Berlin, Heidelberg } ,
%pages = { 317--328 } ,
%isbn = { 978-3-540-31692-3 }
}

@article{Lagoudakis03,
    author = { Lagoudakis, Michail G. and Parr, Ronald},
    title = { Least-squares Policy Iteration },
    journal = { \JMLR },
    %    issue_date = { 12/1/2003},
    %    volume = { 4 },

    year = { 2003 },
%pages = { 1107--1149 } ,
%numpages = { 43 } ,
% acmid = { 964290 } ,
%    publisher = { JMLR.org } ,
}
@inproceedings{barlier18,
    TITLE = { Training Dialogue Systems With Human Advice },
    AUTHOR = { Barlier, Merwan and Laroche, Romain and Pietquin, Olivier },
    %    URL = { https://hal.archives-ouvertes.fr/hal-01945831 },
    BOOKTITLE = { \AAMAS },
    %    ADDRESS = {Stockholm, Sweden },
    %    PUBLISHER = { \IFAAMAS },
    %pages = { 9 },
    YEAR = { 2018 },
% KEYWORDS = { Human-robot/agent interaction ; Learning agent capabilities (agent models ; communication ; observation) } ,
}

@inproceedings{Lihong09,
    author = { Li, Lihong and Williams, Jason and Balakrishnan, Suhrid },
    year = { 2009 },
    BOOKTITLE = { \INTERSPEECH },
    %pages = { 2475-2478 },
    title = { Reinforcement Learning for Dialog Management using Least-Squares Policy Iteration and Fast Feature Selection }
}




@article{leurent2019approximate,
    title = { Approximate Robust Control of Uncertain Dynamical Systems },
    author = { Edouard Leurent and Yann Blanco and Denis Efimov and Odalric-Ambrym Maillard },
    year = { 2018 },
    journal = { Workshop on Machine Learning for Intelligent Transportation Systems Workshop, \NIPS },
}

@inproceedings{Lison2013ModelbasedBR,
    title = { Model-based Bayesian Reinforcement Learning for Dialogue Management },
    author = { Pierre Lison },
    booktitle = { \INTERSPEECH },
    year = { 2013}
}

@inproceedings{peng2018deep,
    title = { Deep Dyna-Q: Integrating Planning for Task-Completion Dialogue Policy Learning },
    author = { Baolin Peng and Xiujun Li and Jianfeng Gao and Jingjing Liu and Kam-Fai Wong and Shang-Yu Su },
    year = {2018 },
    booktitle = { \ACL },
}


@article{taylor2009transfer,
    title = { Transfer learning for reinforcement learning domains: A survey },
    author = { Taylor, Matthew E and Stone, Peter },
    journal = { \JMLR },
    %    volume = { 10 },
    %pages = {1633--1685 },
    year = { 2009 }
}

@article{sutton1999options,
    title = { Between MDPs and semi-MDPs: A framework for temporal abstraction in reinforcement learning },
    author = { Sutton, Richard S and Precup, Doina and Singh, Satinder},
    journal = { Artificial intelligence },
    %    volume = { 112 },
    %    number = { 1-2 },
    %pages = { 181--211 },
    year = { 1999 },
% publisher = { Elsevier }
}

@inproceedings{keizer2010parameter,
    title = { Parameter estimation for agenda-based user simulation},
    author = { Keizer, Simon and Gasic , Milica and Jurcicek, Filip and Mairesse, Francois and Thomson, Blaise and Yu, Kai and Young, Steve },
    booktitle = { \SIGDIAL },
    %pages = { 116--123 },
    year = { 2010 },
% organization = { Association for Computational Linguistics }
}

@book{rummery1994line,
    title = { On-line Q-learning using connectionist systems },
    author = { Rummery, Gavin A and Niranjan, Mahesan},
    year = { 1994 },
    publisher = { University of Cambridge, Department of Engineering Cambridge, England }
}

@article{Fedus2019,
    title = { Hyperbolic discounting and learning over multiple horizons },
    author = { Fedus, William and Gelada, Carles and Bengio, Yoshua and Bellemare, Marc G and Larochelle, Hugo },
    journal = { arXiv preprint arXiv:1902.06865 },
    year = { 2019 }
}

@incollection{williams2008,
    title = { Partially observable Markov decision processes with continuous observations for dialogue management },
    author = {Williams, Jason D and Poupart, Pascal and Young, Steve },
    booktitle = { Recent Trends in Discourse and Dialogue},
    year = { 2008 },
    publisher = { Springer }
}

@article{singh2002,
    title = { Optimizing dialogue management with reinforcement learning: Experiments with the NJFun system },
    author = {Singh, Satinder and Litman, Diane and Kearns, Michael and Walker, Marilyn },
    journal = { \JAIR },
    year = { 2002 }
}



@inproceedings{laroche2009,
    title = { Hybridisation of expertise and reinforcement learning in dialogue systems },
    author = { Laroche, Romain and Putois, Ghislain and Bretier, Philippe and Bouchon-Meunier, Bernadette },
    booktitle = { \INTERSPEECH },
    year = {2009 }
}

@inproceedings{laroche2010a,
    title = { Optimising a handcrafted dialogue system design},
    author = { Laroche, Romain and Putois, Ghislain and Bretier, Philippe },
    booktitle = { \INTERSPEECH },
    year = { 2010 }
}
@inproceedings{laroche2010b,
    title = { Enhanced monitoring tools and online dialogue optimisation merged into a new spoken dialogue system design experience},
    author = { Laroche, Romain and Bretier, Philippe and Putois, Ghislain },
    booktitle = { \INTERSPEECH },
    year = { 2010 }
}

@inproceedings{elasri2013,
    title = { Will my Spoken Dialogue System be a Slow Learner? },
    author = { El Asri, Layla and Laroche, Romain },
    booktitle = { \SIGDIAL},
    year = { 2013 }
}

@inproceedings{elasri2014,
    title = { Ordinal regression for interaction quality prediction},
    author = { El Asri, Layla and Khouzaimi, Hatim and Laroche, Romain and Pietquin, Olivier },
    booktitle = { \ICASSP },
    year = { 2014 },
}

















@phdthesis{lazaric2008,
    author = { Lazaric, Alessandro },
    title = { Knowledge transfer in reinforcement learning },
    school = { Poltecnico di Milano },
    year = { 2008},
}

@inproceedings{taylor2008transferring,
    title = { Transferring instances for model-based reinforcement learning},
    author = { Taylor, Matthew E and Jong, Nicholas K and Stone, Peter },
    booktitle = {Joint European Conference on Machine Learning and Knowledge Discovery in Databases },
    year = { 2008 },
}

@article{mahadevan2007proto,
    title = { Proto-value functions: A Laplacian framework for learning representation and control in Markov decision processes },
    author = { Mahadevan, Sridhar and Maggioni, Mauro },
    journal = { \JMLR },
    year = { 2007}
}

@inproceedings{sherstov2005improving,
    title = { Improving action selection in MDP's via knowledge transfer },
    author = { Sherstov, Alexander A and Stone, Peter },
    booktitle = { \AAAI },
    year = { 2005 }
}

@inproceedings{taylor2007transfer,
    title = { Transfer via inter-task mappings in policy search reinforcement learning },
    author = { Taylor, Matthew E and Whiteson, Shimon and Stone, Peter },
    booktitle = { \AAMAS },
    year = { 2007 },
}

@inproceedings{torrey2005using,
    title = { Using advice to transfer knowledge acquired in one reinforcement learning task to another },
    author = { Torrey, Lisa and Walker, Trevor and Shavlik, Jude and Maclin, Richard },
    booktitle = { \ECML },
    year = { 2005 },
}

@inproceedings{ferrante2008transfer,
    title = { Transfer of task representation in reinforcement learning using policy-based proto-value functions },
    author = {Ferrante, Eliseo and Lazaric, Alessandro and Restelli, Marcello },
    booktitle = { \AAMAS },
    year = { 2008},
}

@article{ferguson2006proto,
    title = { Proto-transfer learning in markov decision processes using spectral methods },
    author = { Ferguson, Kimberly and Mahadevan, Sridhar },
    journal = { Computer Science Department Faculty Publication Series },
    year = { 2006}
}


@inproceedings{sunmola2006model,
    title = { Model transfer for Markov decision tasks via parameter matching },
    author = { Sunmola, Funlade T and Wyatt, Jeremy L },
    booktitle = {Workshop of the UK Planning and Scheduling Special Interest Group},
    year = { 2006 }
}

@inproceedings{langley2006,
    title = { Transfer of knowledge in cognitive systems},
    author = { Langley, Pat },
    booktitle = { workshop on Structural
Knowledge Transfer for Machine Learning at \ICML },
    year = { 2006 }
}
@inproceedings{kmeans,
    author = { Hugo Steinhaus },
    title = { Sur la division des corps matériels en partie },
    booktitle = { Bulletin de l’academie polonaise des sciences},
    year = { 1957 },
}

@inproceedings{macqueen1967some,
    title = { Some methods for classification and analysis of multivariate observations },
    author = { MacQueen, James },
    booktitle = { Berkeley symposium on mathematical statistics and probability },
    year = { 1967 },
}

@article{kmedois,
    author = { Kaufmann, Leonard and Rousseeuw, Peter },
    year = { 1987 },
    title = { Clustering by Means of Medoids },
    journal = { Data Analysis based on the L1-Norm and Related Methods }
}

@inproceedings{ammar2014automated,
    title = { An automated measure of mdp similarity for transfer in reinforcement learning },
    author = { Ammar, Haitham Bou and Eaton, Eric and Taylor, Matthew E and Mocanu, Decebal Constantin and Driessens, Kurt and Weiss, Gerhard and Tuyls, Karl },
    booktitle = { Workshops at the \AAAI },
    year = { 2014 }
}

@inproceedings{finn2017model,
    title = { Model-agnostic meta-learning for fast adaptation of deep networks },
    author = { Finn, Chelsea and Abbeel, Pieter and Levine, Sergey },
    booktitle = { \ICML },
    year = { 2017 },
}

@inproceedings{barreto2019transfer,
    title = { Transfer in deep reinforcement learning using successor features and generalised policy improvement },
    author = { Barreto, Andre and Borsa, Diana and Quan, John and Schaul, Tom and Silver, David and Hessel, Matteo and Mankowitz, Daniel and Zidek, Augustin and Munos, Remi },
    journal = { \ICML },
    year = { 2018 }
}

@article{kang2019generalization,
    title = { Generalization through simulation: Integrating simulated and real data into deep reinforcement learning for vision-based autonomous flight },
    author = { Kang, Katie and Belkhale, Suneel and Kahn, Gregory and Abbeel, Pieter and Levine, Sergey },
    journal = { arXiv preprint arXiv:1902.03701 },
    year = { 2019 }
}

@inproceedings{zhang2017deep,
    title = { Deep reinforcement learning with successor features for navigation across similar environments },
    author = { Zhang, Jingwei and Springenberg, Jost Tobias and Boedecker, Joschka and Burgard, Wolfram},
    booktitle = { International Conference on Intelligent Robots and Systems },
    year = { 2017 },
    organization = {IEEE }
}

@article{dayan1993improving,
    title = { Improving generalization for temporal difference learning: The successor representation },
    author = { Dayan, Peter },
    journal = { Neural Computation },
    year = { 1993 },
}
@inproceedings{chaplot2016transfer,
    title = { Transfer deep reinforcement learning in 3d environments: An empirical study },
    author = { Chaplot, Devendra Singh and Lample, Guillaume and Sathyendra, Kanthashree Mysore and Salakhutdinov, Ruslan},
    booktitle = { Deep Reinforcement Learning Workshop at \NIPS},
    year = { 2016 }
}

@article{radford2019language,
    title = { Language Models are Unsupervised Multitask Learners },
    author = { Radford, Alec and Wu, Jeff and Child, Rewon and Luan, David and Amodei, Dario and Sutskever, Ilya},
    year = { 2019 }
}

@inproceedings{vaswani2017attention,
    title = { Attention is all you need },
    author = { Vaswani, Ashish and Shazeer, Noam and Parmar, Niki and Uszkoreit, Jakob and Jones, Llion and Gomez, Aidan N and Kaiser, Lukasz and Polosukhin, Illia },
    booktitle = { \NIPS },
    year = { 2017 }
}

@phdthesis{elasri2016,
    author = {El Asri, Layla},
    title = {Learning the Parameters of Reinforcement Learning from Data for Adaptive Spoken Dialogue Systems},
    school = {Université de Lorraine},
    year = {2016},
}

@misc{OpenAIdota,
    author = {OpenAI},
    title = {OpenAI Five},
    howpublished = {\url { https://blog.openai.com/openai-five/ }},
    year = {2018} }

@article{alphago,
    title = {Mastering the game of Go with deep neural networks and tree search},
    author = {David Silver and Aja Huang and Christopher J. Maddison and Arthur Guez and Laurent Sifre and George van den Driessche and Julian Schrittwieser and Ioannis Antonoglou and Veda Panneershelvam and Marc Lanctot and Sander Dieleman and Dominik Grewe and John Nham and Nal Kalchbrenner and Ilya Sutskever and Timothy Lillicrap and Madeleine Leach and Koray Kavukcuoglu and Thore Graepel and Demis Hassabis},
    year = {2016},
    journal = {Nature},
}

@misc{alphastar,
    author = {Oriol Vinyals and Igor Babuschkin and Junyoung Chung and Michael Mathieu and Max Jaderberg and Wojtek Czarnecki and Andrew Dudzik and Aja Huang and Petko Georgiev and Richard Powell and Timo Ewalds and Dan Horgan and Manuel Kroiss and Ivo Danihelka and John Agapiou and Junhyuk Oh and Valentin Dalibard and David Choi and Laurent Sifre and Yury Sulsky and Sasha Vezhnevets and James Molloy and Trevor Cai and David Budden and Tom Paine and Caglar Gulcehre and Ziyu Wang and Tobias Pfaff and Toby Pohlen and Yuhuai Wu and Dani Yogatama and Julia Cohen and Katrina McKinney and Oliver Smith and Tom Schaul and Timothy Lillicrap and Chris Apps and Koray Kavukcuoglu and Demis Hassabis and David Silver},
    title = {AlphaStar: Mastering the Real-Time Strategy Game StarCraft II},
    url = {https://deepmind.com/blog/article/alphastar-mastering-real-time-strategy-game-starcraft-ii},
    urldate = { 2019 },
    entrysubtype = { website }
}

@article{gpt2taskoriented,
    author = {Pawel Budzianowski and
 Ivan Vulic},
    title = {Hello, It's { GPT-2 } - How Can { I } Help You? Towards the Use of Pretrained
 Language Models for Task-Oriented Dialogue Systems},
    journal = {arxiv:1907.05774},
    year = {2019},
}



@inproceedings{li2017end,
    title = {End-to-end task-completion neural dialogue systems},
    author = {Li, Xiujun and Chen, Yun-Nung and Li, Lihong and Gao, Jianfeng and Celikyilmaz, Asli},
    journal = {\IJCAI},
    year = {2017}
}



@article{uav,
    author = {Daniele Palossi and
 Francesco Conti and
 Luca Benini},
    title = {An Open Source and Open Hardware Deep Learning-powered Visual Navigation
 Engine for Autonomous Nano-UAVs},
    journal = {arxiv:1905.04166},
    year = {2019},
}

@incollection{chandramohan2014co,
    title = {Co-adaptation in spoken dialogue systems},
    author = {Chandramohan, Senthilkumar and Geist, Matthieu and Lefevre, Fabrice and Pietquin, Olivier},
    booktitle = {Natural interaction with robots, knowbots and smartphones},
    year = {2014},
    publisher = {Springer}
}

@inproceedings{barlier2015human,
    title = {Human-machine dialogue as a stochastic game},
    author = {Barlier, Merwan and Perolat, Julien and Laroche, Romain and Pietquin, Olivier},
    booktitle = {\SIGDIAL},
    year = {2015}
}

@misc{techcrunch,
    author = { Sarah Perez },
    title = { Microsoft silences its new A.I. bot Tay, after Twitter users teach it racism },
    url = { https://techcrunch.com/2016/03/24/microsoft-silences-its-new-a-i-bot-tay-after-twitter-users-teach-it-racism/ },
    urldate = { 2016 },
    entrysubtype = { website }
}


@article{auer2002finite,
  title={Finite-time analysis of the multiarmed bandit problem},
  author={Auer, Peter and Cesa-Bianchi, Nicolo and Fischer, Paul},
  journal={Machine learning},
  year={2002},
  publisher={Springer}
}

@ARTICLE{Rosenblatt58theperceptron,
    author = {Frank Rosenblatt},
    title = {The Perceptron: A Probabilistic Model for Information Storage and Organization in The Brain},
    journal = {Psychological Review},
    year = {1958},
}

%@article{Massoud2009,
%author = {Massoud, Amir and Ghavamzadeh, Farahmand Mohammad and Szepesv{\'{a}}ri, Csaba and Mannor, Shie},
%title = {{Regularized Fitted Q-iteration for Planning in Continuous-Space Markovian Decision Problems}},
%year={2009}
%}
%
%@inproceedings{Tikhonov1963,
%  title={Regularization of incorrectly posed problems},
%  author={Tikhonov, Andrei Nikolaevich},
%  year={1963},
%  booktitle={Soviet Mathematics Doklady}
%}

@article{bikowski2019high,
    title={High Fidelity Speech Synthesis with Adversarial Networks},
    author={Mikołaj Bińkowski and Jeff Donahue and Sander Dieleman and Aidan Clark and Erich Elsen and Norman Casagrande and Luis C. Cobo and Karen Simonyan},
    year={2019},
    journal={arXiv:1909.11646},
}